<record><leader>00000cas a22000007a 4500</leader><controlfield tag="001">9396428</controlfield><controlfield tag="008">830411d198u198uwvuwr ne      0   a0eng d</controlfield><datafield ind1=" " ind2=" " tag="010"><subfield code="a">sn 83000663 </subfield></datafield><datafield ind1=" " ind2=" " tag="040"><subfield code="a">NSD</subfield><subfield code="b">eng</subfield><subfield code="c">NSD</subfield><subfield code="d">WVC</subfield><subfield code="d">OCL</subfield><subfield code="d">OCLCQ</subfield></datafield><datafield ind1=" " ind2=" " tag="012"><subfield code="m">d</subfield></datafield><datafield ind1="1" ind2=" " tag="022"><subfield code="a">0745-6867</subfield><subfield code="l">0745-6867</subfield><subfield code="2">1</subfield></datafield><datafield ind1=" " ind2=" " tag="032"><subfield code="a">694070</subfield><subfield code="b">USPS</subfield></datafield><datafield ind1=" " ind2=" " tag="037"><subfield code="b">Mid-Week News Magazine, P.O. Box 695, Morgantown, WV 26505</subfield></datafield><datafield ind1=" " ind2=" " tag="042"><subfield code="a">nsdp</subfield></datafield><datafield ind1=" " ind2="0" tag="222"><subfield code="a">Mid-week news magazine</subfield></datafield><datafield ind1="0" ind2="0" tag="245"><subfield code="a">Mid-week news magazine.</subfield></datafield><datafield ind1="3" ind2="0" tag="246"><subfield code="a">Midweek news magazine</subfield></datafield><datafield ind1="3" ind2="0" tag="246"><subfield code="a">Midweek newsmagazine</subfield></datafield><datafield ind1="1" ind2="3" tag="246"><subfield code="a">Mid-week newsmagazine</subfield></datafield><datafield ind1=" " ind2=" " tag="260"><subfield code="a">Morgantown, W. Va. :</subfield><subfield code="b">Mid-Week Pub. Co.</subfield></datafield><datafield ind1=" " ind2=" " tag="310"><subfield code="a">Weekly</subfield></datafield><datafield ind1=" " ind2=" " tag="588"><subfield code="a">Description based on: Vol. 1, issue 44 (Feb. 16-Feb. 22, 1983); title from caption.</subfield></datafield><datafield ind1=" " ind2=" " tag="752"><subfield code="a">United States</subfield><subfield code="b">West Virginia</subfield><subfield code="c">Monongalia</subfield><subfield code="d">Morgantown.</subfield></datafield></record>